<?xml version="1.0" encoding="UTF-8"?><collection xmlns="http://www.loc.gov/MARC21/slim"><record><leader>00404nam--2200133-i-4500</leader><controlfield tag="001">000048981</controlfield><controlfield tag="002">20161230</controlfield><controlfield tag="005">20161230201047</controlfield><controlfield tag="008">060222s1000------------r-----000-0-eng-d</controlfield><datafield ind1=" " ind2=" " tag="080"><subfield code="a">541.28</subfield></datafield><datafield ind1=" " ind2=" " tag="245"><subfield code="a">Radiochemistry. vol.1: a review of the literature publ.between july 1969 and aug.1971</subfield></datafield><datafield ind1=" " ind2=" " tag="260"><subfield code="a">London, The Chemical Society, 1972, Vii+131p</subfield></datafield><datafield ind1=" " ind2=" " tag="490"><subfield code="a">A Specialist Periodical Report</subfield></datafield><datafield ind1=" " ind2=" " tag="852"><subfield code="a">38531</subfield></datafield></record></collection>